%% single cell 

@article{darmanis2015survey,
  title={A survey of human brain transcriptome diversity at the single cell level},
  author={Darmanis, Spyros and Sloan, Steven A and Zhang, Ye and Enge, Martin and Caneda, Christine and Shuer, Lawrence M and Gephart, Melanie G Hayden and Barres, Ben A and Quake, Stephen R},
  journal={Proceedings of the National Academy of Sciences},
  volume={112},
  number={23},
  pages={7285--7290},
  year={2015},
  publisher={National Acad Sciences}
}

@article{nowakowski2017spatiotemporal,
	title={Spatiotemporal gene expression trajectories reveal developmental hierarchies of the human cortex},
	author={Nowakowski, Tomasz J and Bhaduri, Aparna and Pollen, Alex A and Alvarado, Beatriz and Mostajo-Radji, Mohammed A and Di Lullo, Elizabeth and Haeussler, Maximilian and Sandoval-Espinosa, Carmen and Liu, Siyuan John and Velmeshev, Dmitry and others},
	journal={Science},
	volume={358},
	number={6368},
	pages={1318--1323},
	year={2017},
	publisher={American Association for the Advancement of Science}
}

@article{fan2018spatial,
	title={Spatial transcriptomic survey of human embryonic cerebral cortex by single-cell RNA-seq analysis},
	author={Fan, Xiaoying and Dong, Ji and Zhong, Suijuan and Wei, Yuan and Wu, Qian and Yan, Liying and Yong, Jun and Sun, Le and Wang, Xiaoye and Zhao, Yangyu and others},
	journal={Cell research},
	volume={28},
	number={7},
	pages={730--745},
	year={2018},
	publisher={Nature Publishing Group}
}

@article{polioudakis2019single,
	title={A single-cell transcriptomic atlas of human neocortical development during mid-gestation},
	author={Polioudakis, Damon and de la Torre-Ubieta, Luis and Langerman, Justin and Elkins, Andrew G and Shi, Xu and Stein, Jason L and Vuong, Celine K and Nichterwitz, Susanne and Gevorgian, Melinda and Opland, Carli K and others},
	journal={Neuron},
	volume={103},
	number={5},
	pages={785--801},
	year={2019},
	publisher={Elsevier}
}

@article{johnson2015single,
	title={Single-cell analysis reveals transcriptional heterogeneity of neural progenitors in human cortex},
	author={Johnson, Matthew B and Wang, Peter P and Atabay, Kutay D and Murphy, Elisabeth A and Doan, Ryan N and Hecht, Jonathan L and Walsh, Christopher A},
	journal={Nature neuroscience},
	volume={18},
	number={5},
	pages={637},
	year={2015},
	publisher={Nature Publishing Group}
}
